@article{esteva_skin_cancer,
  author         = {Esteva, Andre and Kuprel, Brett and Novoa, Roberto A. and Ko, Justin and Swetter, Susan M. and Blau, Helen M. and Thrun, Sebastian},
  title          = {Dermatologist-level classification of skin cancer with deep neural networks},
  journal        = {Nature},
  volume         = {542},
  year           = {2017},
  number         = {7639},
  pages          = {115-118},
  doi            = {10.1038/nature21056},
  pmid           = {28117445},
  pmcid          = {PMC8382232},
  note           = {Epub 2017 Jan 25. Erratum in: Nature. 2017 Jun 28;546(7660):686}
}
@misc{llama,
  title         = {LLaMA: Open and Efficient Foundation Language Models},
  author        = {Hugo Touvron and Thibaut Lavril and Gautier Izacard and Xavier Martinet and Marie-Anne Lachaux and Timothée Lacroix and Baptiste Rozière and Naman Goyal and Eric Hambro and Faisal Azhar and Aurelien Rodriguez and Armand Joulin and Edouard Grave and Guillaume Lample},
  year          = {2023},
  eprint        = {2302.13971},
  archiveprefix = {arXiv},
  primaryclass  = {cs.CL}
}
@article{akyon_polypharmacy_2023,
  author    = {Akyon, Selim H. and Akyon, Fatma C. and Yılmaz, Tuncer E.},
  title     = {Artificial intelligence-supported web application design and development for reducing polypharmacy side effects and supporting rational drug use in geriatric patients},
  journal   = {Frontiers in Medicine},
  volume    = {10},
  pages     = {1029198},
  year      = {2023},
  doi       = {10.3389/fmed.2023.1029198}
}
@article{amisha_ai_medicine_2019,
  author    = {Amisha and Malik, Prashasti and Pathania, Manju and Rathaur, Vikas Kumar},
  title     = {Overview of artificial intelligence in medicine},
  journal   = {Journal of Family Medicine and Primary Care},
  volume    = {8},
  pages     = {2328-2331},
  year      = {2019},
doi       = {10.4103/jfmpc.jfmpc_440_19}
}
@mastersthesis{Paul_Keller,
  title   = {Question Answering auf dem Lehrbuch {Health Information Systems} mit Hilfe von unüberwachtem Training eines Pretrained Transformers},
  author  = {Paul Keller},
  type    = {Master thesis},
  school  = {University Leipzig},
  address = {Leipzig, Germany},
  url     = {https://github.com/scorixear/master-thesis},
  year    = {2023}
}
: Question Answering auf SNIK (Wilhelm-Ostwald-Schule, Universität Leipzig. SKILL 2018-Studentenkonferenz Informatik (2018).
@inproceedings{hannesbell_skill,
  author    = {Hannes R. Brunsch},
  booktitle = {SKILL 2018-Studentenkonferenz Informatik},
  title     = {{Q}uestion {A}nswering auf {SNIK}},
  year      = {2018},
  editor    = {},
  pages     = {},
  doi       = {}
}
@online{jen_informatics_2024,
  author    = {Jen, Michelle Y. and Mechanic, Olivia J. and Teoli, Domenic},
  title     = {Informatics},
  year      = {2024},
  note      = {[Updated 2023 Sep 4]},
  journal   = {StatPearls [Internet]},
  publisher = {StatPearls Publishing},
  address   = {Treasure Island (FL)},
  url       = {https://www.ncbi.nlm.nih.gov/books/NBK470564/},
  urldate   = {2024-01-}
}
@book{limited2010introduction,
  title={Introduction to Database Systems},
  author={Limited, I.E.S.},
  isbn={9788131731925},
  url={https://books.google.de/books?id=y7P9sa2MeGIC},
  year={2010},
  publisher={Pearson Education}
}
@book{Robinson2015,
  author    = {Ian Robinson and Jim Webber and Emil Eifrem},
  title     = {Graph Databases: New Opportunities for Connected Data},
  year      = {2015},
  publisher = {O'Reilly Media},
  isbn      = {978-1-491-92689-7},
  url       = {https://www.oreilly.com/library/view/graph-databases/9781491930892/}
}

@article{Angles2008,
  author    = {Renzo Angles and Claudio Gutierrez},
  title     = {Survey of graph database models},
  journal   = {ACM Computing Surveys (CSUR)},
  volume    = {40},
  number    = {1},
  pages     = {1--39},
  year      = {2008},
  doi       = {10.1145/1322432.1322433}
}
@article{Johnson2019,
  author    = {Johnson, Jeff and Douze, Matthijs and J{\'e}gou, Herv{\'e}},
  title     = {Billion-scale similarity search with GPUs},
  journal   = {IEEE Transactions on Big Data},
  volume    = {7},
  number    = {3},
  pages     = {535--547},
  year      = {2019},
  doi       = {10.1109/TBDATA.2019.2921572},
  publisher = {IEEE}
}
@inproceedings{Lewis2020,
  author    = {Patrick Lewis and Ethan Perez and Aleksandara Piktus and Fabio Petroni and Vladimir Karpukhin and Naman Goyal and Heinrich K{\"u}ttler and Mike Lewis and Wen-tau Yih and Tim Rockt{\"a}schel and Sebastian Riedel and Douwe Kiela},
  title     = {Retrieval-Augmented Generation for Knowledge-Intensive {NLP} Tasks},
  booktitle = {Advances in Neural Information Processing Systems (NeurIPS)},
  year      = {2020},
  url       = {https://arxiv.org/abs/2005.11401},
  doi       = {10.48550/arXiv.2005.11401}
}
